@misc{WHO, 
	title={Deafness and hearing loss}, 
	url={https://www.who.int/news-room/fact-sheets/detail/deafness-and-hearing-loss}, 
	journal={World Health Organization}, 
	publisher={World Health Organization}
} 
@misc{GLASSES, 
	title={ la belle spectacle hearing system bone conduction}, 
	url={https://bruckhoff.com/en/spectacle-hearing-system/spectacle-hearing-system-bone-conduction/}, 				
	journal={Spectacle hearing system bone conduction / Bruckhoff}
}
@misc{HUMANSOUNDS, 
	title={How does the brain locate sound sources?}, 
	url={https://knowingneurons.com/2013/03/15/how-does-the-brain-locate-sound-sources/}, 
	journal={Knowing Neurons}, author={Fehlhaber, Kate and Torre, Gabrielle}, 
	year={2017}, 
	month={Mar}
}
@misc{VOICEFREQUENCY, 
	title={Mark Sullivan}, 
	url={http://www.seaindia.in/blog/human-voice-frequency-range/}, 
	journal={Sound Engineering Academy}, 
	author={Sullivan, Mark and JimboSkillet and Chaudhuri, Kaustuv and sharma, Raju}
}
@misc{HUMANSOUNDS2, 
	title={Binaural Hearing: How Our Ears Sense the Direction of Sounds}, 
	url={https://ehomerecordingstudio.com/binaural-hearing/}, 
	journal={E-Home Recording Studio}, 
	year={2018}, 
	month={May}
} 
@misc{MICROPHONE, 
	title={DIRECTIONAL VS. OMNIDIRECTIONAL MICROPHONES}, 
	url={https://www.dpamicrophones.com/mic-university/directional-vs-omnidirectional-microphones}, 
	journal={DPA}
} 
@misc{SAMPLINGFREQUENCY, 
	title={What is the Nyquist Frequency? - Definition from Techopedia}, 
	url={https://www.techopedia.com/definition/21075/nyquist-frequency}, 
	journal={Techopedia.com}
} 
@misc{USBLATENCY, 
	title={Monitoring challenges when using multiple digital USB mics simultaneously by Allan TÃ©pper}, 
	url={https://www.provideocoalition.com/monitoring-challenges-when-using-multiple-digital-usb-mics-simultaneously/}, 
	journal={ProVideo Coalition}, 
	author={ProVideo Coalition}, 
	year={2018}, 
	month={Jan}
	} 
@misc{GAIN, 
	url={http://www.sengpielaudio.com/calculator-distance.htm}, 
	journal={RT60 calculator Wallace C. Sabine calculation reverb time reverberation time Sabin formula online sound pressure sound level - sengpielaudio Sengpiel Berlin}, 
	author={Sengpiel, Eberhard}
	}
@misc{SOUNDWAVE, 
	title={What is sound wave? - Definition from WhatIs.com}, 
	url={https://whatis.techtarget.com/definition/sound-wave}, 
	journal={WhatIs.com}
	}
@misc{ALIASING , 
	title={Professor Sampler's Notes: Aliasing}, 
	url={https://wolfcrow.com/blog/professor-samplers-notes-aliasing/}, 
	journal={Wolfcrow}, 
	author={bySareesh, Posted}
	}
@misc{FFTPHOTO, 
	title={how can the noise be removed from a recorded sound,using fft in MATLAB?}, 
	url={https://stackoverflow.com/questions/5879851/how-can-the-noise-be-removed-from-a-recorded-sound-using-fft-in-matlab}, 
	journal={Stack Overflow}
	}
@misc{MFCC, 
	title={Crypto}, 
	url={http://practicalcryptography.com/miscellaneous/machine-learning/guide-mel-frequency-cepstral-coefficients-mfccs/}, 
	journal={Practical Cryptography}
	} 
@misc{BARKSCALE, 
	url={https://ccrma.stanford.edu/~jos/sasp/Bark_Frequency_Scale.html}, 
	journal={Chris Chafe: Muscle Memory and Haptic Display}
	} 
@misc{BARKSCALEPHTOT, 
	title={REW Top End SPL Gone Wild .......ERROR?}, 
	url={https://www.gearslutz.com/board/studio-building-acoustics/1108553-rew-top-end-spl-gone-wild-error-2.html}, 
	journal={Gearslutz Pro Audio Community RSS}, 
	author={Joe, Sonic}, 
	year={2016},
	month={Oct}
	} 
 
 
 
